@misc{online:hyperjacking,
    author          = {Katie Rees},
    title           = {What Is a Hyperjacking Attack and Are You at Risk? },
    year            = {2022},
    organization    = {MAKE USE OF},
    howpublished    =   {\url{https://www.makeuseof.com/what-is-hyperjacking-attack/}},
    note            = {Accessed 2023-05-14}
}

@misc{article:SecRAM,
    author          = {Miriam le Fevre et al.},
    title={SecRAM 2.0 - Security Risk Assessment methodology for SESAR 2020},
    year            = {2022},
    organization    = {SESAR},
    howpublished    =   {\url{https://www.sesarju.eu/sites/default/files/documents/transversal/SESAR\%202020\%20-\%20Security\%20Reference\%20Material\%20Guidance.pdf}},
    note            = {Accessed 2023-05-14}
}

@misc{online:flooding,
    author          = {WAGENINGEN University},
    title={Flooding - Dossier},
    year            = {2021},
    organization    = {WAGENINGEN University},
    howpublished    =   {\url{https://www.wur.nl/en/dossiers/file/flooding.html}},
    note            = {Accessed 2023-05-14}
}

@misc{online:virtualSec,
    author          = {Telelink},
    title={Hyperjacking},
    year            = {2014},
    organization    = {Telelink},
    howpublished    =   {\url{https://web.archive.org/web/20150227174207/http://itsecurity.telelink.com/hyperjacking/}},
    note            = {Accessed 2023-05-14}
}

@misc{online:roomSec,
    author          = {Ophtek},
    title={How Do You Secure a Server Room?},
    year            = {2021},
    organization    = {Ophtek},
    howpublished    =   {\url{https://ophtek.com/how-do-you-secure-a-server-room/}},
    note            = {Accessed 2023-05-14}
}

@misc{online:VRRP,
    author          = {Huawei},
    title={How Do You Secure a Server Room?},
    year            = {2022},
    organization    = {Huawei Technologies Co., Ltd.},
    howpublished    =   {\url{https://info.support.huawei.com/info-finder/encyclopedia/en/VRRP.html}},
    note            = {Accessed 2023-05-14}
}